%!TEX root = ../../report.tex

%https://en.wikibooks.org/wiki/LaTeX/Bibliography_Management

@article{locokit,
    author  = {Jørgen Christian Larsen and Kasper Støy},
    title   = {LocoKit-A Construction Kit for Exploration of Morphology of Legged Robots},
    year    = {2011}
}

@techreport{ISO13050,
	type = {Standard},
	key = {ISO 13050:2014},
	month = {12},
	year = {2014},
	title = {Synchronous belt drives -- Metric pitch, curvilinear profile systems G, H, R and S, belts and pulleys},
	address = {Geneva, CH},
	institution = {International Organization for Standardization}
}

@techreport{ISO5295,
	type = {Standard},
	key = {ISO 5295:1987},
	month = {11},
	year = {1987},
	title = {Calculation of power rating and drive centre distance},
	address = {Geneva, CH},
	institution = {International Organization for Standardization}
}

